@techreport{RFC0791,
  author = {Jon Postel},
  title = {Internet Protocol},
  howpublished = {Internet Requests for Comments},
  type = {STD},
  number = {5},
  year = {1981},
  month = {September},
  issn = {2070-1721},
  publisher = {RFC Editor},
  institution = {RFC Editor},
  url = {http://www.rfc-editor.org/rfc/rfc791.txt},
  note = {\url{http://www.rfc-editor.org/rfc/rfc791.txt}},
}

@online{CloudflareIXP,
	title = {What is an Internet exchange point?},
	author = {Cloudflare},
	url = {https://www.cloudflare.com/learning/cdn/glossary/internet-exchange-point-ixp/},
	note = {21.11.2021},
	howpublished = {\url{https://www.cloudflare.com/learning/cdn/glossary/internet-exchange-point-ixp/}},
}

@online{IPAddressSpaces,
	title = {IPv4 and IPv6 Address Spaces},
        author = {Lawrence E. Hughes},
	year = {2019},
	publisher = {The Third Internet},
	howpublished = {\url{https://thirdinternet.com/ipv4-and-ipv6-address-spaces/}}, 
        url = {https://thirdinternet.com/ipv4-and-ipv6-address-spaces/},
	note = {21.11.2021},
        }

@online{GooglePrivacyPolicy,
	author = {Google},
	title = {Google Privacy & Terms},
	howpublished = {\url{https://policies.google.com/privacy}},
        url = {https://policies.google.com/privacy},
	note = {21.11.2021},
	}

@online{SinglePointOfFailure,
	title = {Single Point of Failure: The (Fictional) Day Google Forgot To Check Passwords}, 
	author = {Tom Scott},
	organization = {YouTube},
	year = {2014},
	url = {https://www.youtube.com/watch?v=y4GB_NDU43Q},
	howpublished = {\url{https://www.youtube.com/watch?v=y4GB_NDU43Q}},
	note = {24.05.2021},
	}

@online{GoogleNestOutage,
	title = {That major Google outage meant some Nest users couldnâ€™t unlock doors or use the AC},
	author = {Michael Grothaus},
	organization = {Fast Company},
	url = {https://www.fastcompany.com/90358396/that-major-google-outage-meant-some-nest-users-couldnt-unlock-doors-or-use-the-ac},
	note = {19.10.2021},
        howpublished = {\url{https://www.fastcompany.com/90358396/that-major-google-outage-meant-some-nest-users-couldnt-unlock-doors-or-use-the-ac}},
	}

@techreport{KademliaPaper,
	author = {Petar Maymounkov and David Mazieres},
	title = {Kademlia: A Peer-to-Peer Information System Based on the XOR Metric},
	year = {2002},
	url = {http://infinite-source.de/az/whitepapers/kademlia_optimized.pdf},
	howpublished = {\url{http://infinite-source.de/az/whitepapers/kademlia_optimized.pdf}},
	}

@online{EngineOrionKommentar,
	title = {Engine: Orion},
	author = {Dominik Keller and Jakob Klemm},
	year = {2021},
	url = {https://github.com/EngineOrion/kommentar/blob/54489464214ed7833f182df09aab29eae4a591e4/EngineOrion.pdf},
	howpublished = {\url{https://github.com/EngineOrion/kommentar/blob/54489464214ed7833f182df09aab29eae4a591e4/EngineOrion.pdf}}
	}

@book{HimmelZumSprechenBringen,
	title = {Den Himmel zum Sprechen bringen},
	year = {2020},
	author = {Peter Sloterdijk},
	}

@techreport{BitTorrentMainline,
	title = {Measuring Large-Scale Distributed Systems:
Case of BitTorrent Mainline DHT},
	year = {2013},
	author = {Liang Wang and Jussi Kangasharju},
	organization = {University of Helsinki, Finland},
	url = {https://www.cs.helsinki.fi/u/lxwang/publications/P2P2013_13.pdf},
	howpublished = {\url{https://www.cs.helsinki.fi/u/lxwang/publications/P2P2013_13.pdf}},
	}

@online{ToxSpecs,
	title = {Tox Specs},
	year = {2016},
	url = {https://toktok.ltd/spec.html},
	note = {23.11.2021},
	howpublished = {\url{https://toktok.ltd/spec.html}},
	}

@online{CJDNSWhitepaper,
	url = {https://github.com/cjdelisle/cjdns/blob/f909b960709a4e06730ddd4d221e5df38164dbb6/doc/Whitepaper.md},
	howpublished = {\url{https://github.com/cjdelisle/cjdns/blob/f909b960709a4e06730ddd4d221e5df38164dbb6/doc/Whitepaper.md}},
	title = {CJDNS Whitepaper},
	year = {2019},
	author = {Caleb James DeLisle},
	}
